<?xml version="1.0" encoding="UTF-8"?><collection xmlns="http://www.loc.gov/MARC21/slim"><record><leader>00435nam--2200121-i-4500</leader><controlfield tag="001">000045279</controlfield><controlfield tag="002">20161230</controlfield><controlfield tag="005">20161230201045</controlfield><controlfield tag="008">060222s1000------------r-----000-0-eng-d</controlfield><datafield ind1=" " ind2=" " tag="080"><subfield code="a">621.382.3</subfield></datafield><datafield ind1=" " ind2=" " tag="245"><subfield code="a">Transistor specifications manual, by the howard w.sams engineering staff. with a specially written chapter for the guidance of the english reader by w.oliver</subfield></datafield><datafield ind1=" " ind2=" " tag="260"><subfield code="a">Slougs, Bucks, W.Foulsham &amp; Co.Ltd., 1965, 224p</subfield></datafield><datafield ind1=" " ind2=" " tag="852"><subfield code="a">30362</subfield></datafield></record></collection>